@article{amin2004index,
  title={Index option prices and stock market momentum},
  author={Amin, Kaushik and Coval, Joshua D and Seyhun, H Nejat},
  journal={The Journal of Business},
  volume={77},
  number={4},
  pages={835--874},
  year={2004},
  publisher={JSTOR}
}

@article{atilgan2015implied,
  title={Implied volatility spreads and expected market returns},
  author={Atilgan, Yigit and Bali, Turan G and Demirtas, K Ozgur},
  journal={Journal of Business \& Economic Statistics},
  volume={33},
  number={1},
  pages={87--101},
  year={2015},
  publisher={Taylor \& Francis}
}

@article{cremers2010deviations,
  title={Deviations from put-call parity and stock return predictability},
  author={Cremers, Martijn and Weinbaum, David},
  journal={Journal of Financial and Quantitative Analysis},
  volume={45},
  number={2},
  pages={335--367},
  year={2010},
  publisher={Cambridge University Press}
}

@article{bollerslev2009expected,
  title={Expected stock returns and variance risk premia},
  author={Bollerslev, Tim and Tauchen, George and Zhou, Hao},
  journal={The Review of Financial Studies},
  volume={22},
  number={11},
  pages={4463--4492},
  year={2009},
  publisher={Oxford University Press}
}

@article{ofek2004limited,
  title={Limited arbitrage and short sales restrictions: Evidence from the options markets},
  author={Ofek, Eli and Richardson, Matthew and Whitelaw, Robert F},
  journal={Journal of Financial Economics},
  volume={74},
  number={2},
  pages={305--342},
  year={2004},
  publisher={Elsevier}
}

@article{holowczak2013aggregating,
  title={Aggregating information in option transactions},
  author={Holowczak, Richard and Hu, Jianfeng and Wu, Liuren},
  journal={Journal of Derivatives},
  volume={21},
  number={3},
  pages={9},
  year={2013},
  publisher={Institutional Investor Journals}
}

@article{stoll1969relationship,
  title={The relationship between put and call option prices},
  author={Stoll, Hans R},
  journal={The Journal of Finance},
  volume={24},
  number={5},
  pages={801--824},
  year={1969},
  publisher={Wiley Online Library}
}

@article{black1973pricing,
  title={The pricing of options and corporate liabilities},
  author={Black, Fischer and Scholes, Myron},
  journal={Journal of political economy},
  volume={81},
  number={3},
  pages={637--654},
  year={1973},
  publisher={The University of Chicago Press}
}

@article{pan2006information,
  title={The information in option volume for future stock prices},
  author={Pan, Jun and Poteshman, Allen M},
  journal={The Review of Financial Studies},
  volume={19},
  number={3},
  pages={871--908},
  year={2006},
  publisher={Oxford University Press}
}

@article{xing2010does,
  title={What does the individual option volatility smirk tell us about future equity returns?},
  author={Xing, Yuhang and Zhang, Xiaoyan and Zhao, Rui},
  journal={Journal of Financial and Quantitative Analysis},
  volume={45},
  number={3},
  pages={641--662},
  year={2010},
  publisher={Cambridge University Press}
}


